@book{Blo17,
	title = {Effective Java},
	edition = {3rd edition},
	author = {Joshua Bloch},
	isbn = {978-0134685991},
	year = {2017},
	publisher = {Addison-Wesley Professional}
}
@article{Ora21,
	title = {
	Oracle JDK 15 Certified System Configurations
	},
	author = {Oracle},
	year = {2021},
	url = {https://www.oracle.com/java/technologies/javase/products-doc-jdk15certconfig.html}
}
@book{JLS14_15,
	author = {James Gosling and
	Bill Joy and
	Guy Steele and
	Gilad Bracha and
	Alex Buckley and
	Daniel Smith and
	Gavin Bierman
	},
	chapter = {14.15 The break Statement },
	title = {The Java® Language Specification },
	edition = {Java SE 16 Edition},
	year = {2021},
	url = {https://docs.oracle.com/javase/specs/jls/se16/html/jls-14.html#jls-14.15}
}
@book{JLS5_1_7,
	author = {James Gosling and
	Bill Joy and
	Guy Steele and
	Gilad Bracha and
	Alex Buckley and
	Daniel Smith and
	Gavin Bierman
	},
	chapter = {
	5.1.7. Boxing Conversion},
	title = {The Java® Language Specification },
	edition = {Java SE 16 Edition},
	year = {2021},
	url = {https://docs.oracle.com/javase/specs/jls/se16/html/jls-5.html#jls-5.1.7}
}
@book{JLS15_13,
	author = {James Gosling and
	Bill Joy and
	Guy Steele and
	Gilad Bracha and
	Alex Buckley and
	Daniel Smith and
	Gavin Bierman
	},
	chapter = {15.13. Method Reference Expressions},
	title = {The Java® Language Specification },
	edition = {Java SE 16 Edition},
	year = {2021},
	url = {https://docs.oracle.com/javase/specs/jls/se16/html/jls-15.html#jls-15.13}
}
@book{Fuj00,
	author = { FUJITSU LIMITED},
	title = {Fujitsu Announces Java Solutions for Fast-Growing Network Applications Market},
	year ={2000},
	url = {https://pr.fujitsu.com/en/news/2000/04/5.html}
}
@book{Iso21,
	author = { Standard C++ Foundation},
	title = {Operator Overloading},
	year ={2021},
	url = {https://isocpp.org/wiki/faq/operator-overloading#overview-op-ov}
}
@article{McG98,
	author = {Harlan McGhan and Mike O’Connor},
	year = {1998},
	title ={PicoJava: A Direct Execution Engine For Java Bytecode},
	journal = {Computer},
	volume = {31},
	issue = {10},
	pages = {22 -- 30}
}
@article{Wim19,
	author ={Christian Wimmer and
	Codrut Stancu and
	Peter Hofer and
	Vojin Jovanovic and
	Paul Wögerer and
	Peter B. Kessler and
	Oleg Pliss and
	Thomas Würthinger	},
	title = {Initialize once, start fast: application initialization at build time},
	journal = {Proceedings of the ACM on Programming Languages},
	volume = {3},
	number = {184},
	year = {2019},
	pages = {1 -- 29},
	DOI = {https://doi.org/10.1145/3360610}
}
@article{Dij68,
	author ={Edsger W. Dijkstra},
	title = {Go To statement considered harmful},
	journal = {Communications of the ACM},
	volume = {11},
	number = {3},
	year = {1968},
	pages = {147 -- 148},
	DOI = {https://dl.acm.org/doi/10.1145/362929.362947}
}
@book{Tor03,
	author ={Linus Torvalds and Rik van Riel and Rob Wilkens},
	title = {Linux: Using goto In Kernel Code},
	year = {2003},
	url = {https://web.archive.org/web/20130305022050/http://kerneltrap.org/node/553/2131}
}